% Encoding: UTF-8

@WWW{Commissie2018,
  author = {Europese Commissie},
  title  = {Gegevensbescherming in de EU.},
  year   = {2018},
  url    = {www.blablabla.com},
}

@WWW{Parlement2016,
  author = {Europees Parlement},
  title  = {EU algemene verordening gegevensbescherming},
  year   = {2016},
  date   = {2016},
  url    = {http://www.privacy-regulation.eu/nl/index.htm},
}

@Comment{jabref-meta: databaseType:biblatex;}
